<?xml version="1.0" encoding="UTF-8"?><record xmlns="http://www.loc.gov/MARC21/slim" xmlns:cinclude="http://apache.org/cocoon/include/1.0" xmlns:zs="http://www.loc.gov/zing/srw/">
  <leader>00513nz  a2200145n  4500</leader>
  <controlfield tag="001">no2012158179</controlfield>
  <controlfield tag="003">DLC</controlfield>
  <controlfield tag="005">20121217102940.0</controlfield>
  <controlfield tag="008">121214n| acannaabn          |n aaa     c</controlfield>
  <datafield tag="010" ind1=" " ind2=" ">
    <subfield code="a">no2012158179</subfield>
  </datafield>
  <datafield tag="035" ind1=" " ind2=" ">
    <subfield code="a">(OCoLC)oca09367539</subfield>
  </datafield>
  <datafield tag="040" ind1=" " ind2=" ">
    <subfield code="a">ICrlF</subfield>
    <subfield code="b">eng</subfield>
    <subfield code="c">ICrlF</subfield>
  </datafield>
  <datafield tag="100" ind1="1" ind2=" ">
    <subfield code="a">Fuchs, Jason,</subfield>
    <subfield code="d">1986-</subfield>
  </datafield>
  <datafield tag="670" ind1=" " ind2=" ">
    <subfield code="a">Ice age. Continental drift [VR], c2012:</subfield>
    <subfield code="b">container (Jason Fuchs; screenwriter)</subfield>
  </datafield>
  <datafield tag="670" ind1=" " ind2=" ">
    <subfield code="a">Internet Movie Database, Dec. 5, 2012</subfield>
    <subfield code="b">(Jason Fuchs; b. Mar. 5, 1986 in New York City, N.Y.; actor, writer, producer)</subfield>
  </datafield>
</record>